@online{chisel:multi-clock,
    title   = {Multiple Clock Domains},
    url     = {https://chisel.eecs.berkeley.edu/2.2.0/manual.html#x1-2400018}
}
@online{chisel:adv-param,
    title   = {Advanced Parameterization},
    url     = {https://chisel.eecs.berkeley.edu/2.2.0/parameters.html}
}
@online{chisel:cs,
    title   = {Chisel CheatSheet},
    url     = {https://chisel.eecs.berkeley.edu/2.2.0/chisel-cheatsheet.pdf}
}
